, @Preamble{ " \newcommand{\noop}[1]{} " }

@article{Rathbun2016,
AUTHOR = {Rathbun, S. and Shiffman, S.},
TITLE = {Mixed Effects Models for Recurrent Events Data with Partially Observed Time-Varying Covariates: Ecological Momentary Assessment of Smoking},
JOURNAL = {Biometrics},
YEAR = {2016},
VOLUME = {72},
ISSUE = {1},
PAGES  = {46--55},
}

@article{Rathbun2012,
AUTHOR = {Rathbun, S. and Song, X. and Neustifter, B. and Shiffman, S.},
TITLE = {Survival analysis with time varying covariates measured at random times by design},
JOURNAL = {Journal of the Royal Statistical Society: Series C},
YEAR = {2013},
VOLUME = {62},
ISSUE = {3},
PAGES  = {419--434},
}

@article{Rosenberger2017,
AUTHOR = {Rosenberger, W. and Uschner, D. and Wang, Y.},
TITLE = {Randomization: The forgotten component of the randomized clinical trial},
JOURNAL = {Statistics in Medicine},
YEAR = {2019},
VOLUME = {38},
PAGES  = {1--12},
}

@article{Rosenberger2017,
AUTHOR = {Rosenberger, W. and Uschner, D. and Wang, Y.},
TITLE = {Randomization: The forgotten component of the randomized clinical trial},
JOURNAL = {Statistics in Medicine},
YEAR = {2019},
VOLUME = {38},
PAGES  = {1--12},
}

@article{Brumback2003,
AUTHOR = {Brumback, B. and Greenland, S. and Redman, M. and Kiviat, N. and Diehr, P.},
TITLE = {The Intensity-Score Approach to Adjusting for Confounding},
JOURNAL = {Biometrics},
YEAR = {2003},
VOLUME = {59},
PAGES  = {274--285},
}

@article{Goetgeluk2008,
AUTHOR = {Goetgeluk, S. and Vansteelandt, S.},
TITLE = {Conditional Generalized Estimating Equations for the Analysis of Clusetered and Longitudinal Data},
JOURNAL = {Biometrics},
YEAR = {2008},
VOLUME = {64},
PAGES  = {772--780},
}

@article{Bojinov2017,
AUTHOR = {Bojinov, I. and Shephard, N.},
TITLE = {Time series experiments and causal estimands: exact randomization tests and trading},
JOURNAL = {Journal of the American Statistical Association (Forthcoming)},
YEAR = 2018,
}

@incollection{Tate2015,
author = {Tate, R. L. and Perdices, M.},
title = {N-of-1 Trials in the Behavioral Sciences.},
booktitle = {The essential guide to N-of-1 trials in health.},
editor = {Nikles, J. and Mitchell G.},
pages = {19--41},
publisher = {Springer},
address = {Netherlands},
year = {2015},
}

@article{Guyatt1990,
author = {Guyatt, G.H. and Keller, J.L. and Jaeschke, R. and Rosenbloom, D. and Adachi, J.D. and Newhouse, M.T.},
title = {The n-of-1 randomized controlled trial: clinical usefulness: our three-year experience.},
journal = {Annals of Internal Medicine},
volume = {112},
pages = {293--299},
year = {1990},
}

@article{Yao2005,
author = {Yao, F. and M{\"u}ller, H.-G. and Wang, J.-L,},
title = {Functional data analysis for sparse longitudinal data},
journal = {Journal of the American Statistical Association},
volume = {100},
number = {470},
pages = {577--590},
year = {2005},
}

@article{Scuffham2010,
author = {Scuffha, P.A. and Nikles, J. and Mitchell, G.K. and Yelland, M.J. and Vine, N. and Poulos, C.J. and
Pillans, P. and Bashford, G. and del Mar, C. and Schluter, P. and Glasziou, P.},
title = {Using N-of-1 trials to improve patient management and save costs.},
journal = {Journal of general internal medicine.},
volume = {9},
pages = {906--913},
year = {2010},
}

@article{Zucker1997,
author = {Zucker, D.R. and Schmid, C.H. and McIntosh, M.W. and D'Agostino, R.B. and Selker, H.P. and Lau, J.},
title = {Combining single patient (N-of-1) trials to estimate population treatment effects and to evaluate individual patient responses to treatment.},
journal = {Journal of clinical epidemiology},
volume = {50},
pages = {401--410},
year = {1997},
}

@article{Zucker2010,
author = {Zucker, D.R. and Ruthazer, R. and Schmid, C.H.},
title = {Individual (N-of-1) trials can be combined to give population comparative treatment effect estimates: methodologic considerations.},
journal = {Journal of clinical epidemiology},
volume = {63},
pages = {1312--1323},
year = {2010},
}

@article{Nikles2011,
author = {Nikles, J. and Mitchell, G.K. and Schluter, P. and Good, P. and Hardy, J. and Rowett, D. and Shelby-James, T. and Vohra, S. and Currow, D.},
title = {Aggregating single patient (n-of-1) trials in populations where recruitment and retention was difficult: the case of palliative care.},
journal = {Journal of clinical epidemiology},
volume = {64},
pages = {471--480},
year = {2011},
}

@article{Liang1986,
  AUTHOR = {Liang, KY and Zeger, SL},
  TITLE = {Longitudinal data analysis using generalized linear models},
  JOURNAL = {Biometrika},
  YEAR = {1986},
  VOLUME = {73},
  number = {1},
  PAGES = {13--22}.
}

@article{Kleiman2018,
author = {Kleiman, Evan M. and Turner, Brianna J. and Fedor, Szymon and Beale, Eleanor E. and Picard, Rosalind W. and Huffman, Jeff C. and Nock, Matthew K.},
title = {Digital phenotyping of suicidal thoughts},
journal = {Depression and Anxiety},
volume = {35},
number = {7},
pages = {601-608},
year = {2018}
}

@misc{Sense2Stop,
author = {Spring, B.},
  title = {Sense2Stop: Mobile Sensor Data to Knowledge.},
  year = {2019},
  howpublished = {\url{https://clinicaltrials.gov/ct2/show/NCT03184389}},
}

@misc{Autosense,
  title = {Autosense: A wireless sensor system to quantify personal
exposures to psychosocial stress and addictive substances in
natural environments.},
  year = {2017},
  howpublished = {\url{http://sites.google.com/site/autosenseproject}},
}

@inproceedings{Autosense:Ertin:2011,
 author = {Ertin, E. and Stohs, N. and Kumar, S. and Raij, A. and al'Absi, M. and Shah, S.},
 title = {AutoSense: Unobtrusively Wearable Sensor Suite for Inferring the Onset, Causality, and Consequences of Stress in the Field},
 booktitle = {Proceedings of the 9th ACM Conference on Embedded Networked Sensor Systems},
 year = {2011},
 pages = {274--287},
 numpages = {14},
 address = {New York, NY, USA},
}


@article{Sankaran63,
  AUTHOR = {Sankaran , M.},
  TITLE = {Approximations to the non-central chi-squared distribution},
  JOURNAL = {Biometrika},
  YEAR = 1963,
  VOLUME = 50,
  PAGES = {199--204},
}

@article{Pearl2009,
  AUTHOR = {Pearl, J.},
  TITLE = {Causal inference in statistics: An overview},
  JOURNAL = {Statistics Surveys},
  VOLUME = {3},
  PAGES = {96--146},
  YEAR = {2009},
}

@book{Imbens2015,
 author = {Imbens, G.W. and Rubin, D.B.},
 title = {Causal Inference for Statistics, Social, and Biomedical Sciences: An Introduction},
 year = {2015},
 publisher = {Cambridge University Press},
 address = {New York, NY, USA},
}

@article{Vanderweele2013,
AUTHOR = {Vanderweele, T. J. and Hong, G. and Jones, S.M. and Brown, J.L.},
	TITLE = {Mediation and spillover effects in group-randomized
trials: A case study of the 4rs educational intervention.},
	JOURNAL = {Journal of the American Statistical Association},
  NUMBER = {502},
  VOLUME = {108},
  PAGES = {469--482},
	YEAR = {2013}
}

@article{Hong2006,
	AUTHOR = {Hong, G. and Raudenbush, S. W.},
	TITLE = {Evaluating kindergarten retention policy},
	JOURNAL = {Journal of the American Statistical Association},
  NUMBER = {475},
  VOLUME = {101},
  PAGES = {901--910},
	YEAR = {2006}
}

@article{BushLipari2015,
	AUTHOR = {Bush, D. and Lipari, R.},
	TITLE = {Substance use and and substance use disorder by industry},
	JOURNAL = {National Survey on Drug Use and Health},
	YEAR = {2015}
}

@article{Mancl2001,
AUTHOR = {LA. Mancl and T.A. DeRouen},
TITLE = {A covariance estimator for {GEE} with improved small-sample properties.},
JOURNAL = {Biometrics},
VOLUME = {57},
NUMBER = {1},
PAGES = {126--134},
YEAR = {2001}
}

@article{Mancl1996,
AUTHOR = {Mancl, L.A. and Leroux, B.G.},
TITLE = {Efficiency of Regression Estimates for Clustered data},
JOURNAL = {Biometrics},
VOLUME = {52},
PAGES = {500--511},
YEAR = {1996}
}

@Article{Dallery2013,
author="Dallery, J.
and Cassidy, N. R.
and Raiff, R. B.",
title="Single-Case Experimental Designs to Evaluate Novel Technology-Based Health Interventions",
journal="J Med Internet Res",
year="2013",
volume="15",
number="2",
pages="e22",
url="http://www.jmir.org/2013/2/e22/",
}


@article{MarschDallery2012,
AUTHOR = {Marsch, L. and Dallery, J.},
TITLE = {Advances in the psychosocial treatment of addiction: the role of technology in the delivery of evidence-based psychosocial treatment.},
JOURNAL = {Psychiatr Clin North Am.},
VOLUME = {35},
NUMBER = {2},
PAGES = {481--493},
YEAR = {2012},
}

@article{Hotelling1931,
AUTHOR = {Hotelling, H.},
TITLE = {The generalization of Student's ratio.},
JOURNAL = {Annals of Mathematical Sciences},
VOLUME = {2},
NUMBER = {3},
PAGES = {360--378},
YEAR = {1931},
}

@article{psych1,
AUTHOR={Geiser, Christian  and  Bishop, Jacob  and  Lockhart, Ginger  and  Shiffman, Saul  and  Grenard, Jerry L.},
TITLE={Analyzing Latent State-Trait and Multiple-Indicator Latent Growth Curve Models as Multilevel Structural Equation Models},
JOURNAL={Frontiers in Psychology},
VOLUME={4},
YEAR={2013},
NUMBER={975},
}

@article{psych2,
author = {Steyer, Rolf and Schmitt, Manfred and Eid, Michael},
title = {Latent state–trait theory and research in personality and individual differences},
journal = {European Journal of Personality},
volume = 13,
number = 5,
publisher = {John Wiley & Sons, Ltd.},
pages = {389--408},
year = 1999,
}


@article{psych3,
title = {Analyzing person, situation and person × situation interaction effects: Latent state-trait models for the combination of random and fixed situations.},
author = {Geiser, Christian and Litson, Kaylee and Bishop, Jacoba and Keller, Brian T. and Burns, G. Leonard and Servera, Mateu and Shiffman, Saul},
journal = {Psychological Methods},
volume  = 20,
number = 2,
year = 2015,
pages = {165--192},
}


@article{BenZeev2013,
AUTHOR = {D. Ben-Zeev and S.M. Kaiser and C.J. Brenner and M. Begale and J. Duffecy and D.C. Mohr},
TITLE = {Development and usability testing of FOCUS: a smartphone system for self-management of schizophrenia.},
JOURNAL = {Psychiatr Rehabil J.},
VOLUME = {36},
NUMBER = {4},
PAGES = {289--296},
YEAR = {2013},
}

@article{Marsch2012,
AUTHOR = {L. Marsch},
TITLE = {Leveraging technology to enhance addiction treatment and recovery.},
JOURNAL = {J Addict Dis.},
VOLUME = {31},
NUMBER = {3},
PAGES = {313--318},
YEAR = {2012},
}

@article{SAMHSA2014,
  AUTHOR = {US Dept of Health and Human Services},
	TITLE = {Results from the 2014 National Survey on Drug Use and Health: Summary of National Findings},
	YEAR = {2014},
}

@article{Scottetal2011,
	AUTHOR = {Scott, C. and Dennis M. and Laudet A. and Funk R. and Simeone R.},
	TITLE = {Surviving drug addiction: the effect of treatment and abstinence on mortality},
	JOURNAL = {Am J Public Health.},
	VOLUME = {101},
	NUMBER = {4},
	PAGES = {737--744},
	YEAR = {2011},
}

@article{CDC2014,
  AUTHOR = {Centers for Disease Control and Prevention},
	TITLE = {Current Cigarette Smoking Among Adults--United States, 2005-2013},
	JOURNAL = {Morbidity and Mortality Weekly Report},
	VOLUME = {63},
	NUMBER = {47},
	PAGES = {1108-12},
	YEAR = {2013},
}

@article{KapSton2013,
  AUTHOR = {R. M. Kaplan and A. A. Stone},
  TITLE = {Bringing the laboratory and clinic to the community: mobile technologies for health promotion and disease prevention},
  JOURNAL = {Annual Review of Psychology},
  VOLUME = {64},
  PAGES = {471--498},
  YEAR = {2013},
}

@TECHREPORT{Makovsky2015,
  TITLE = {Fifth Annual Makovsky/Kelton ``Pulse of Online Health" Survey},
  MONTH = {January},
  YEAR = {2015},
}

@TECHREPORT{Pew2015,
  AUTHOR = {The Pew Research Center},
  TITLE = {US Smartphone Use in 2015},
  MONTH = {April},
  YEAR = {2015},
}

@online{FlurryAnalytics,
  author = {P. Farago},
  title = {App Engagement: The Matrix Reloaded},
  year = {2012},
  url = {http://flurrymobile.tumblr.com/post/113379517625/app-engagement-the-matrix-reloaded},
  urldate = {2012-10-22}
}

@online{md2k_website,
  author = {MD2K},
  title = {MD2K},
  year = 2015,
  url = {http://md2k.org},
  urldate = {2015-11-30},
}

@online{Localytics,
  author = {D. Hoch},
  title = {APP RETENTION IMPROVES - APPS USED ONLY ONCE DECLINES TO 20\%},
  year = {2014},
  url = {http://info.localytics.com/blog/app-retention-improves},
  urldate = {2014-06-11},
}

@article{Beckeretal2015,
  AUTHOR = {Becker S. and Brandl C. and Meister S. and Nagel E. and Miron-Shatz T. and Mitchell A.},
  TITLE = {Demographic and Health Related Data of Users of a Mobile Application to Support Drug Adherence is Associated with Usage Duration and Intensity},
  JOURNAL = {PLoS ONE},
  VOLUME = {10},
  NUMBER = {1},
  YEAR = {2015},
  DOI = {10.1371/journal.pone.0116980},
}


@book{LiggettBook,
	YEAR = {1985},
	PUBLISHER = {Springer},
	AUTHOR = {Liggett, T.M.},
	TITLE = {Interacting {P}article {S}ystems},
	SERIES  = {Grundlehren der mathematischen Wissenschaften},
	VOLUME = {276},
}

@book{McCullagh_GLM,
	YEAR = {1989},
	PUBLISHER = {Springer},
	AUTHOR = {McCullagh, P. and Nelder, J.A.},
	TITLE = {Generalized Linear Models},
        EDITION = {2nd},
}

@book{Kalbfleisch92,
	YEAR = {2002},
	PUBLISHER = {John Wiley \& Sons},
	AUTHOR = {J. Kalbfleisch and R. Prentice},
	TITLE = {The Statistical Analysis of Failure Time Data.},
}


@article{Kumaretal2013,
  AUTHOR = {S. Kumar and W. Nilsen and A. Abernethy
  and A. Atienza and K. Patrick and M. Pavel and
  W. Riley and A. Shar and B. Spring and
  D. Spruijt-Metz and D. Hedeker and V. Honavar and
  R. Kravitz and R. Lefebvre and D. Mohr and
  S. Murphy and C. Quinn and V. Shusterman and D. Swendeman},
  TITLE = {Mobile Health Technology Evaluation: The mHealth Evidence Workshop},
  JOURNAL = {American Journal of Preventive Medicine},
  VOLUME = {45},
  NUMBER = {2},
  YEAR = {2013},
  PAGES = {228 -- 236}
}

@article{Kratochwill2010,
  AUTHOR = {Kratochwill, T.R. and Levin, J.R.},
  TITLE = {Enhancing the scientific credibility of single-case intervention research: randomization to the rescue.},
  JOURNAL = {Psychol Methods},
  YEAR = {2010},
  VOLUME = {15},
  NUMBER = {2},
  PAGES = {124-144},
}


@article{McClureetal2013,
  AUTHOR = {J.B. McClure and S. Shortreed and A. Bogart and H. Derry and K. Riggs and J. John and V. Nair and L. An},
  TITLE = {The effect of program design on engagement with an internet-based smoking intervention: randomized factorial trial},
  JOURNAL = {J. Med. Internet Res.},
  YEAR = {2013},
  VOLUME = {15},
  NUMBER = {3},
}

@article{klasnja2012,
  AUTHOR = {P. Klasnja and W. Pratt},
  TITLE = {Healthcare in the pocket: Mapping the space of mobile-phone health interventions},
  JOURNAL = {Journal of Biomedical Informatics},
  VOLUME = {45},
  PAGES = {184 -- 198}
}

@article{Franklinetal2008,
  AUTHOR = {VL. Franklin and A. Green and A. Waller and SA. Greene and C. Pagliari and W. Pratt},
  TITLE = {Patients' engagement with "Sweet Talk": a text messaging support system for young people with diabetes},
  JOURNAL = {Journal of Medical Internet Research},
  VOLUME = {10},
  NUMBER = {2}
}

@article{Klasjnaetal,
  AUTHOR = {P. Klasnja and E.B. Hekler and S. Shiffman and A. Boruvka and D. Almirall
  and A. Tewari and S.A. Murphy},
  TITLE = {Micro-randomized trials: An experimental design for developing just-in-time adaptive interventions},
  JOURNAL = {Health Psychology},
  YEAR = {2015},
  VOLUME = {34},
  PAGES = {1220--1228},
}

@article{KlasnjaHS2019,
AUTHOR = {Klasnja, P. and Smith, S. and Seewald, N. and Lee, A. and Hall, K. and Luers, B. and Hekler, E. and Murphy, S.A.},
TITLE = {Efficacy of Contextually Tailored Suggestions for Physical Activity: A Micro-randomized Optimization Trial of HeartSteps},
JOURNAL = {Annals of Behavioral Medicine},
VOLUME = {53},
ISSUE = {6},
YEAR = {2019},
PAGES = {573--582},
}

@article{McDonaldetal,
  AUTHOR = {McDonald, S. and Quinn, F. and Vieira, R.
  and O'Brien, N. and White, M. and Johnston, D.W. and
  Sniehotta, F.F.},
  TITLE = {The state of the art and future opportunities for using longitudinal n-of-1 methods in health behaviour research: a systematic literature overview},
  JOURNAL = {Health Psychology Rev.},
  YEAR = {2017},
  VOLUME = {0},
  NUMBEr = {0},
  PAGES = {1--17},
  eprint = {http://dx.doi.org/10.1080/17437199.2017.1316672},
}

@unpublished{Boruvkaetal,
  AUTHOR = {A. Boruvka and D. Almirall and K. Witkiewitz and S.A. Murphy},
  YEAR = {2017},
  TITLE = {Assessing Time-Varying Causal Effect Moderation in Mobile Health},
  note = "To appear in the {\it Journal of the American Statistical Association}",
}

@article{Bidargaddietal,
author="Bidargaddi, N.
and Almirall, D.
and Murphy, S.
and Nahum-Shani, I.
and Kovalcik, M.
and Pituch, T.
and Maaieh, H.
and Strecher, V.",
title="To Prompt or Not to Prompt? A Microrandomized Trial of Time-Varying Push Notifications to Increase Proximal Engagement With a Mobile Health App",
journal="JMIR Mhealth Uhealth",
year="2018",
month="Nov",
day="29",
volume="6",
number="11",
pages="e10123",
doi="10.2196/10123",
}

@article{Freeetal2013,
  AUTHOR = {C. Free and G. Phillips and L. Galli and
  L. Watson and L. Felix and P. Edwards and V. Patel and  A. Haines},
  journal = {PLOS Medicine},
    title = {The Effectiveness of Mobile-Health Technology-Based Health Behaviour Change or Disease Management Interventions for Health Care Consumers: A Systematic Review},
    year = {2013},
    volume = {10},
    pages = {1-45},
    number = {1},
}

@article{Muessigetal2013,
  AUTHOR = {E.K. Muessig and C.E. Pike and S. LeGrand and B.L. Hightow-Weidman},
  TITLE = {Mobile phone applications for the care and prevention
  of {HIV} and other sexually transmitted diseases: A review.},
  JOURNAL = {Journal of Medical Internet Research},
  YEAR = 2013,
  VOLUME = 15,
  NUMBER = 1,
  PAGES = {103-124},
}




@article{Rizoetal2009,
	AUTHOR = {D. Rizopoulos and G. Verbeke and E. Lesaffre},
	TITLE = {Fully exponential Laplace approximations for the
	joint modelling of survival and longitudinal data},
	JOURNAL = {Journal of the Royal Statistical Society: Series B},
	VOLUME = {71},
	NUMBER = {3},
	PAGES = {637--654},
	YEAR = {2009},
}

@book{Rizopoulos2012,
	YEAR = {2012},
	PUBLISHER = {CRC Press},
	AUTHOR = {D. Rizopoulos},
	TITLE = {Joint models for longitudinal and time-to-event data: With applications in R},
}

@article{ProustLimaetal2014,
  AUTHOR = {C. Proust-Lima and M. Sene and J.M. Taylor and H. Jacqmin-Gadda},
  TITLE = {Joint latent class models for longitudinal and time-to-event data: a review},
  JOURNAL = {Statistical Methods in Medical Research},
  VOLUME = {23},
  NUMBER = {1},
  PAGES = {74--90},
  YEAR = {2014},
}

@article{Salfneretal2010,
  AUTHOR = {F. Salfner and M. Lenk and M. Malek},
  TITLE = {A survey of online failure prediction methods},
  JOURNAL = {ACM Computing Surveys},
  VOLUME = {42},
  NUMBER = {3},
  YEAR = {2010},
}

@online{Brebissonetal2015,
  AUTHOR = {A. Brebisson and E. Simon and A. Auvolat and P. Vincent and Y. Bengio},
  TITLE = {Artificial Neural Networks Applied to Taxi Destination Prediction},
  eprinttype = {arxiv},
  eprint = {1508.00021},
  date = {2015-09-21},
  ee = {http://arxiv.org/abs/1508.00021},
}

@article{Ionides2015,
AUTHOR = {E. L. Ionides and D. Nguyen and Y. Atchade and S. Stoev and A.A. King},
TITLE = {Inference for dynamic and latent variable models via iterated, perturbed Bayes maps.},
JOURNAL = {Proceedings of the National Academy of Sciences of the USA},
VOLUME = {112},
PAGES = {719--724},
YEAR = {2015},
}

@article{Andrieuetal2010,
AUTHOR = {C. Andrieu and A. Doucet and R. Holenstein},
TITLE = {Particle Markov chain Monte Carlo methods},
JOURNAL = {J.R. Statist. Soc. B},
VOLUME = {72},
PAGES = {269--342},
YEAR = {2010},
}

@article{Nosyketal2010,
AUTHOR = {B. Nosyk and H. Sun and D. Guh and E. Oviedo-Joekes and D.C. Marsh and S. Brissette and M.T. Schechter and A.H. Anis},
TITLE = {An empirical comparison of eight health status measures for chronic opioid dependence.},
JOURNAL = {J. Clin. Epidemiol.},
VOLUME = {63},
PAGES = {1132 -- 1144},
YEAR = {2010},
}

@article{Litvinetal2013,
  AUTHOR = {EB Litvin and AM Abrantes and RA Brown},
  TITLE = {Computer and mobile technology-based interentions for substance use disorders: An organizing framework},
  JOURNAL = {Addictive Behaviors},
  VOLUME = {38},
  PAGES = {1747--1756},
  YEAR = {2013},
}

@article{Dempsey_Significance,
AUTHOR = {W. Dempsey and P. Liao and P. Klasnja I. Nahun-Shani and S.A. Murphy},
TITLE = {Randomised trials for the Fitbit generation},
JOURNAL = {Significance},
VOLUME = {12},
NUMBER = {6},
PAGES = {20--23},
YEAR = {2015},
}

@unpublished{Dempsey_AOAS,
AUTHOR = {W. Dempsey and P. Liao and S.A. Murphy},
TITLE = {Sample size calculations for stratified micro-randomised trials in mHealth},
note = "Submitted",
}

@misc{wiki:f1score,
  author = {Wikipedia},
  title = "F1 score --- {W}ikipedia{,} The Free Encyclopedia",
  year = "2017",
  url = "https://en.wikipedia.org/wiki/F1_score",
  note = "[Online; accessed 23-May-2017]"
}

@inproceedings{Hovsepian:2015,
 author = {Hovsepian, K. and al'Absi, M. and Ertin, E. and Kamarck, T. and Nakajima, M. and Kumar, S.},
 title = {cStress: Towards a Gold Standard for Continuous Stress Assessment in the Mobile Environment},
 booktitle = {Proceedings of the 2015 ACM International Joint Conference on Pervasive and Ubiquitous Computing},
 series = {UbiComp '15},
 year = {2015},
 pages = {493--504},
 publisher = {ACM},
 address = {New York, NY, USA},
 keywords = {mobile health (mHealth), modeling, stress, wearable sensors},
}

@inproceedings{Mash2018,
 author = {Rabbi, M. and Philyaw-Kotov, M. and Lee, J. and Mansour, A. and Dent, L. and Wang, X. and Cunningham, R. and Bonar, E. and Nahum-Shani, I. and Klasnja, P. and Walton, M. and Murphy, S.A.},
 title = {SARA: A Mobile App to Engage Users in Health Data Collection},
 booktitle = {Proceedings of the 2017 ACM International Joint Conference on Pervasive and Ubiquitous Computing},
 series = {UbiComp '17},
 year = {2017},
 pages = {781--789},
 publisher = {ACM},
 address = {New York, NY, USA},
}


@inproceedings{Sarker:2016,
title = {Finding Significant Stress Episodes in a Discontinuous Time Series of Rapidly Varying Mobile Sensor Data},
author = {Sarker, H. and Tyburski, M. and Rahman, M.M. and Hovsepian, K. and Sharmin, M. and Epstein, D.H. and Preston, K.L. and Furr-Holden, C.D. and Milam, A. and Nahum-Shani, I. and al'Absi, M. and Kumar, S.},
year = {2016},
booktitle = {Proceedings of the 2016 CHI Conference on Human Factors in Computing Systems},
pages = {4489-4501},
publisher = {ACM},
address = {Santa Clara, California, USA},
series = {CHI '16},
tppubtype = {inproceedings}
}

@article{Nahum2017,
title = {Just-in-Time Adaptive Interventions (JITAIs) in Mobile Health: Key Components and Design Principles for Ongoing Health Behavior Support},
author = {Nahum-Shani, I. and Smith, S.N. and Spring, B.J. and Collins, L.M. and Witkiewitz, K. and Tewari, A. and Murphy, S.A.},
journal = {Annals of Behavioral Medicine},
year = {2017}
}

@inproceedings{Chatterjee:2016,
 author = {Chatterjee, Soujanya and Hovsepian, Karen and Sarker, Hillol and Saleheen, Nazir and al'Absi, Mustafa and Atluri, Gowtham and Ertin, Emre and Lam, Cho and Lemieux, Andrine and Nakajima, Motohiro and Spring, Bonnie and Wetter, David W. and Kumar, Santosh},
 title = {mCrave: Continuous Estimation of Craving During Smoking Cessation},
 booktitle = {Proceedings of the 2016 ACM International Joint Conference on Pervasive and Ubiquitous Computing},
 series = {UbiComp '16},
 year = {2016},
 pages = {863--874},
 numpages = {12},
 url = {http://doi.acm.org/10.1145/2971648.2971672},
 publisher = {ACM},
 address = {New York, NY, USA},
}

@incollection{Sarker:book:2017,
  author      = {Sarker, H. and Hovsepian, K. and Chatterjee, S. and Nahum-Shani, I. and Murphy, S.A.
  and Spring, B. and Ertin, E. and al'Absi, M. and Nakajima, M. and Kumar, S.},
  title       = {From Markers to Interventions: The Case of Just-in-Time Stress Intervention},
  editor      = {Regh, J.M. and Murphy, S.A. and Kumar, S.},
  booktitle   = {Mobile Health Sensors, Analytic Methods, and Applications},
  publisher   = {Springer International Publishing},
  year        = 2017,
}

@inproceedings{Saleheen:2015,
 author = {Saleheen, N. and Ali, A.A. and Hossain, S.M. and Sarker, H. and Chatterjee, S. and Marlin, B.
 and Ertin, E. and al'Absi, M. and Kumar, S.},
 title = {puffMarker: A Multi-sensor Approach for Pinpointing the Timing of First Lapse in Smoking Cessation},
 booktitle = {Proceedings of the 2015 ACM International Joint Conference on Pervasive and Ubiquitous Computing},
 series = {UbiComp '15},
 year = {2015},
 pages = {999--1010},
 numpages = {12},
 url = {http://doi.acm.org/10.1145/2750858.2806897},
 publisher = {ACM},
 address = {New York, NY, USA},
}



@article{Rubin,
AUTHOR = {DB. Rubin},
TITLE = {Bayesian inference for causal effects: The role of randomization},
JOURNAL = {The Annals of Statistics},
VOLUME = {6},
NUMBER = {1},
PAGES = {34--58},
YEAR = {1978},
}

@article{Robins,
AUTHOR = {J. Robins},
TITLE = {A new approach to causal inference in mortality studies with
a sustained exposure period-application to control of the healthy worker survivor effect},
JOURNAL = {Mathematical Modelling},
VOLUME = {7},
NUMBER = {9},
PAGES = {1393--1512},
YEAR = {1986},
}

@unpublished{Dempsey_MSP,
AUTHOR = {W. Dempsey and P. McCullagh},
TITLE = {Weak continuity of predictive distribution for Markov survival processes},
note = "Submitted",
}

@unpublished{Dempsey_StatSci,
AUTHOR = {W. Dempsey and P. McCullagh},
TITLE = {The Pilgrim's Process},
note = "Submitted",
}

@article{DempseyPMCC,
AUTHOR = {W. Dempsey and P. McCullagh},
TITLE = {Survival models and health sequences},
JOURNAL = {Lifetime Data Analysis},
YEAR = {2018},
VOLUME = {24},
NUMBER = {4},
PAGES = {550--584},
}

@book{Cassel1977,
AUTHOR = {Cassel, C-M. and S\"{a}rndal and Wretman, J.H.},
TITLE = {Foundations of inference in survey sampling},
PUBLISHER = {Wiley},
ADDRESS = {New York},
YEAR = {1977},
}

@unpublished{DempseyPMCC2,
AUTHOR = {W. Dempsey and P. McCullagh},
TITLE = {Vital variables and survival processes},
YEAR = {2019},
note = "Submitted",
}

@article{HeronSmyth2010,
AUTHOR = {K.E. Heron and J.M. Smyth},
TITLE = {Ecological momentary interventions: incorporating mobile technology into psychosocial and health behaviour treatments},
JOURNAL = {Br. J. Health Psychol.},
VOLUME = {15},
PAGES = {1--39},
}

@article{Doksum74,
AUTHOR = {K.A. Doksum},
TITLE = {Tailfree and neutral random probabilities and their posterior distributions},
JOURNAL = {Annals of Probability},
VOLUME = {2},
PAGES = {183--201},
YEAR = {1974},
}

@article{Hjort90,
AUTHOR = {N.L. Hjort},
TITLE = {Nonparametric Bayes estimators based on beta processes in models for life history data},
JOURNAL = {Annals of Statistics},
VOLUME = {18},
PAGES = {1259--1294},
YEAR = {1990},
}

@incollection{James07,
AUTHOR = {L.F. James},
YEAR = {2007},
TITLE = {Neutral-to-the-right species sampling mixture models},
booktitle = {Advances in Statistical Modeling and Inference. Essays in honor of K. Doksum},
}

@article{Diggle2008,
AUTHOR = {P.J. Diggle and I. Sousa and A. Chetwynd},
YEAR = {2008},
TITLE = {Joint modeling of repeated measurements and tome-to-event outcomes: The fourth Armitage lecture},
JOURNAL = {Statistics in Medicine},
VOLUME = {27},
PAGES = {2981--2998},
}

@article{Henderson2000,
AUTHOR = {R. Henderson and P. Diggle and A. Dobson},
YEAR = {2000},
TITLE = {Joint modeling of longitudinal measurements and event time data},
JOURNAL = {Biostatistics},
VOLUME = {1},
PAGES = {465-480},
}

@article{Kurlandetal2009,
AUTHOR = {B.F. Kurland AND L.L. Johnson AND B.L. Egleston and P.H. DiehR},
YEAR = {2009},
TITLE = {Longitudinal data with follow-up truncated by
death: match the analysis method to the research aims},
JOURNAL = {Statistical Science},
VOLUME = {24},
PAGES = {211--222},
}

@article{Andersen1991,
  AUTHOR = {P.K. Andersen and L.H. Hansen and N. Keiding},
  TITLE = {Assessing the influence of reversible disease indicators on survival},
  JOURNAL = {Statistics in Medicine},
  VOLUME = {10},
  NUMBER = {},
  PAGES = {1061--1067},
  YEAR = {1991},
}

@article{DeGruttola1994,
  AUTHOR = {V. DeGruttola and X.M. Xu},
  TITLE = {Modeling progression of CD4 lymphocyte count and its relation to survival time},
  JOURNAL = {Biometrics},
  VOLUME = {50},
  NUMBER = {},
  PAGES = {1003 -- 1014},
  YEAR = {1994},
}

@article{Fieuws2008,
  AUTHOR = {S. Fieuws and G. Verbeke and Y. Vanrenterghem},
  TITLE = {Predicting renal graft failure using multivariate longitudinal profiles.},
  JOURNAL = {Biostatistics},
  VOLUME = {9},
  NUMBER = {},
  PAGES = {419--431},
  YEAR = {2008},
}

@article{Sweeting2011,
  AUTHOR = {M.J. Sweeting and S.G. Thompson},
  TITLE = {Joint modeling of longitudinal and time-to-event data with application to predicting abdominal aortic aneurysm growth and rupture},
  JOURNAL = {Biometrical Journal},
  VOLUME = {53},
  NUMBER = {},
  PAGES = {750--763},
  YEAR = {2011},
}

@article{Tsiatis1995,
  AUTHOR = {A.A. Tsiatis and V. DeGruttola and M.S. Wulfsohn},
  TITLE = {Modeling the relationship of survival to longitudinal data measured with error: applications to survival and CD4 counts in patients with AIDS},
  JOURNAL = {J. Amer. Statist. Assoc.},
  VOLUME = {90},
  NUMBER = {},
  PAGES = {27--37},
  YEAR = {1995},
}

@article{Diggle2007,
  AUTHOR = {P.J. Diggle and D. Farewell and R. Henderson},
  TITLE = {Analysis of longitudinal data with drop-out: objectives, assumptions, and a proposal (with discussion)},
  JOURNAL = {Applied Statistics},
  VOLUME = {56},
  NUMBER = {},
  PAGES = {499--550},
  YEAR = {2007},
}

@article{Liaoetal2015,
  AUTHOR = {P. Liao and P. Klasjna and A. Tewari and S.A. Murphy},
  TITLE = {Micro-Randomized Trials in mHealth},
  JOURNAL = {Statistics in Medicine},
  VOLUME = {35},
  NUMBER = {12},
  PAGES = {1944-71},
  YEAR = {2016},
}

@article{Waagepetersen2008,
AUTHOR = {Rasmus Waagepetersen},
TITLE = {Estimating functions for inhomogeneous spatial point processes with incomplete covariate data},
JOURNAL = {Biometrika},
VOLUME = {95},
NUMBER = {2},
YEAR = {2008},
PAGES = {351--363},
}

@article{Andersen1993,
  AUTHOR = {P.K. Andersen and O. Borgan and R.D. Gill and N. Keiding},
  TITLE = {Statistical Models Based on Counting Processes},
  PUBLISHER = {Springer},
  VOLUME = {},
  EDITION = {},
  YEAR = {1993},
}

@article{Breslow1974,
  AUTHOR = {N. Breslow},
  TITLE = {Covariance analysis of censored survival data},
  JOURNAL = {Biometrics},
  VOLUME = {30},
  NUMBER = {},
  PAGES = {89--99},
  YEAR = {1974},
}

@article{Cox1972,
  AUTHOR = {D.R. Cox},
  TITLE = {Regression models and life tables (with discussion)},
  JOURNAL = {J. Roy. Statist. Soc. B.},
  VOLUME = {39},
  NUMBER = {},
  PAGES = {264--296},
  YEAR = {1972},
}

@book{Kalbfleisch2002,
  AUTHOR = {J.D. Kalbfleisch and R. Prentice},
  TITLE = {Statistical analysis of failure time data},
  publisher = {Wiley},
  address = {New York},
  Edition = {2},
  YEAR = {2002},
}

@article{KaplanMeier1958,
  AUTHOR = {E.L. Kaplan and P. Meier},
  TITLE = {Nonparametric estimation from incomplete observations},
  JOURNAL = {J. Amer. Statist. Assoc.},
  VOLUME = {53},
  NUMBER = {},
  PAGES = {457--481},
  YEAR = {1958},
}

@article{Ngiametal2011,
  AUTHOR = {J. Ngiam and A. Khosia and M. Kim and J. Nam and H. Lee and A. Ng},
  TITLE = {Multimodal deep learning},
  JOURNAL = {In Proceedings of the 29th International Conference on Machine Learning},
  VOLUME = {},
  NUMBER = {},
  PAGES = {},
  YEAR = {2011},
}

@article{Sohnetal2014,
  AUTHOR = {K. Sohn and W. Shang and H. Lee},
  TITLE = {Improved Multimodal Deep Learning with Variation of Information},
  JOURNAL = {In Advances in Neural Information Processing Systems (NIPS)},
  VOLUME = {},
  NUMBER = {},
  PAGES = {},
  YEAR = {2014},
}

@article{Sohnetal2015,
  AUTHOR = {K. Sohn, X. Yan, H. Lee},
  TITLE = {Learning Structured Output Representation using Deep Conditional Generative Models},
  JOURNAL = {In Advances in Neural Information Processing Systems (NIPS)},
  VOLUME = {},
  NUMBER = {},
  PAGES = {},
  YEAR = {2015},
}


@article{Rehgvision,
  AUTHOR = {A. Humayun and F. Li and J. M. Reh},
  TITLE = {The Middle Child Problem: Revisiting Parametric Min-cut and Seeds for Object Proposals},
  JOURNAL = {In Proceedings of the International Conference on Computer Vision (ICCV) 2015},
  VOLUME = {},
  NUMBER = {},
  PAGES = {},
  YEAR = {},
}

@article{Leevision,
  AUTHOR = {Y. Zhang and K. Sohn and R. Villegas and G. Pan and H. Lee},
  TITLE = {Improving Object Detection with Deep Convolutional Networks via Bayesian Optimization and
  Structured Prediction},
  JOURNAL = {In Proceedings of the IEEE Conference on Computer Vision and Pattern Recognition (CVPR)},
  VOLUME = {},
  NUMBER = {},
  PAGES = {},
  YEAR = {2015},
}

@article{deeplearningvision,
  AUTHOR = {K. Sohn and D. Jung and H. Lee and A. Hero},
  TITLE = {Efficient Learning of Sparse, Distributed, Convolutional Feature Representations for Object Recognition},
  JOURNAL = {In Proceedings of 13th International Conference on Computer Vision (ICCV)},
  VOLUME = {},
  NUMBER = {},
  PAGES = {},
  YEAR = {2011},
}

@article{McGovern2011,
  AUTHOR = {A. McGovern and D. Rosendahl and R. Brown and K. Droegemeier},
  TITLE = {Identifying predictive multidimensional time series motifs: an application to severe weather prediction},
  JOURNAL = {Data Min Knowl Disc},
  VOLUME = {22},
  NUMBER = {},
  PAGES = {232--258},
  YEAR = {2011},
}

@article{Li2007,
  AUTHOR = {Z. Li and S. Zhou and S. Choubey and C. Sievenpiper},
  TITLE = {Failure event prediction using the Cox proportional hazard model driven by frequent failure signatures},
  JOURNAL = {IIE Transactions},
  VOLUME = {39},
  NUMBER = {3},
  PAGES = {303--315},
  YEAR = {2007},
}

@article{Nilsen2012,
  AUTHOR = {W. Nilsen and S. Kumar and A. Shar and C. Varoquiers and T. Wiley and WT. Riley
  and M. Pavel and AA. Atienza},
  TITLE = {Advancing the science of mHealth},
  JOURNAL = {Journal of Health Communication},
  VOLUME = {17},
  number = {sup1},
  PAGES = {5--10},
  YEAR = {2012},
}

@article{Faucett1996,
  AUTHOR = {C.L. Faucett and D.C. Thomas},
  TITLE = {Simultaneously modeling censored survival data and repeatedly measured
  covariates: a Gibbs sampling approach},
  JOURNAL = {Statistics in Medicine},
  VOLUME = {15},
  NUMBER = {},
  PAGES = {1663--1685},
  YEAR = {1996},
}

@article{Guo2004,
  AUTHOR = {X. Guo and B. Carlin},
  TITLE = {Separate and joint modeling of longitudinal and event time data using standard computer packages.},
  JOURNAL = {American Statistician},
  VOLUME = {58},
  NUMBER = {},
  PAGES = {1--10},
  YEAR = {2004},
}

@article{ProustLimaetal2013,
  AUTHOR = {C. Proust-Lima and H Amieva and H. Jacqmin-Gadda},
  TITLE = {Analysis of multivariate mixed longitudinal data: flexible latent process approach},
  JOURNAL = {The British Journal of Mathematical and Statistical Psychology},
  VOLUME = {66},
  NUMBER = {},
  PAGES = {470--487},
  YEAR = {2013},
}

@article{Tsiatis2004,
  AUTHOR = {A.A. Tsiatis and M. Davidian},
  TITLE = {Joint modeling of longitudinal and time-to-event data: an overview},
  JOURNAL = {Statistica Sinica},
  VOLUME = {14},
  NUMBER = {},
  PAGES = {809--834},
  YEAR = {2004},
}

@book{vanHouwelingen2012,
  AUTHOR = {H.C. van Houwelingen and H. Putter},
  TITLE = {Dynamic Prediction in Clinical Survival Analysis},
  publisher = {CRC Press},
  YEAR = {2012},
}

@article{Wulfsohn1997,
  AUTHOR = {M.S. Wulfsohn and A.A. Tsiatis},
  TITLE = {A joint model for survival time and longitudinal data measured with error},
  JOURNAL = {Biometrics},
  VOLUME = {53},
  NUMBER = {},
  PAGES = {330--339},
  YEAR = {1997},
}

@article{Xu2001,
  AUTHOR = {J. Xu and S.L. Zeger},
  TITLE = {Joint analysis of longitudinal data comprising repeated measures and time to events},
  JOURNAL = {Applied Statistics},
  VOLUME = {50},
  NUMBER = {},
  PAGES = {375--387},
  YEAR = {2001},
}

@online{ProustLimaetal2015,
  AUTHOR = {C. Proust-Lima and V. Philipps and B. Liquet},
  TITLE = {Estimation of extended mixed models using latent classes and latent processes: the R package lcmm},
  eprinttype = {arxiv},
  eprint = {1503.00890},
  date = {2015-09-21},
  ee = {http://arxiv.org/abs/1503.00890},
}

@article{Rizopoulos2010,
  AUTHOR = {D. Rizopoulos},
  TITLE = {JM: An R package for the joint modeling of longitudinal and time-to-event data},
  JOURNAL = {Journal of Statistical Software},
  VOLUME = {35},
  NUMBER = {},
  PAGES = {1--33},
  YEAR = {2010},
}

@article{Crainiceanu2010,
author = {Crainiceanu, C. and Goldsmith, J.},
year = {2010},
title = {Bayesian Functional Data Analysis Using WinBUGS},
journal = {Journal of Statistical Software},
volume = {32},
pages = {1-33},
}

@article{Goldsmith2011,
  AUTHOR = {Goldsmith, J. and Bobb, J. and Crainiceanu, C. and Caffo, B. and Reich, D.},
  TITLE = {Penalized Functional Regression},
  JOURNAL = {Jounal of Computational and Graphical Statistics},
  VOLUME = {20},
  NUMBER = {4},
  PAGES = {830--851},
  YEAR = {2011},
}

@article{Park2018,
  AUTHOR = {Park, S.Y. and Staicu, A.M.},
  TITLE = {Longitudinal functional data analysis},
  JOURNAL = {Stat},
  VOLUME = {4},
  NUMBER = {1},
  PAGES = {212--226},
  YEAR = {2015},
}

@article{Xiao2013,
  AUTHOR = {Xiao, L. and Li, Y. and Ruppert, D.},
  TITLE = {Fast bivariate p-splines: the sandwich smoother},
  JOURNAL = {Journal of the Royal Statistical Society: Series B},
  VOLUME = {75},
  NUMBER = {3},
  PAGES = {5770-599},
  YEAR = {2013},
}

@article{Goldsmith2011,
  AUTHOR = {Goldsmith, J. and Bobb, J. and Crainiceanu, C.M. and Caffo, B. and Reich, D.},
  TITLE = {Penalized functional reression}
  JOURNAL = {Journal of Computational and Graphical Statistics},
  VOLUME = {20},
  NUMBER = {4},
  PAGES = {830--851},
  YEAR = {2011,
}

@article{Goldsmith2015,
  AUTHOR = {Goldsmith, J. and Zipunnikov, V. and Schrck, J.},
  TITLE = {Generalized multilevel functional-on-scalar regression and principal component analysis},
  JOURNAL = {Biometrics},
  VOLUME = {71},
  NUMBER = {2},
  PAGES = {344--353},
  YEAR = {2015}
}

@article{MorrisCarroll2006,
  AUTHOR = {Morris, J.S. and Carroll, R.J.},
  TITLE = {Wavelet-based functional mixed models.},
  JOURNAL = {Journal of the Royal Statistical Society, Series B},
  VOLUME = {68},
  NUMBER = {2},
  PAGES = {179--199},
  YEAR = {2006},
}

@article{Morris2003,
  AUTHOR = {Morris, J.S. and Vannucci, M. and Brown, P.J. and Carroll, R.J. (2003)},
  TITLE = {Wavelet-based nonparametric modeling of hierarchical functions in colon carginogenesis},
  JOURNAL = {Journal of the American Statistical Association},
  VOLUME = {98},
  NUMBER = {463},
  PAGES = {573--583},
  YEAR = {2003},
}

@article{Baladandayuthapani2008,
  AUTHOR = {Baladandayuthapani, V. and Mallick, B.K. and Young Hong, M. and Lupton, J.R. and Turner, N.D. and Carroll, R.J.},
  TITLE = {Bayesian hierarchical spatially correlated functional data analysis with application to colon carcinogensis},
  JOURNAL = {Biometrics},
  VOLUME = {64},
  NUMBER = {1},
  PAGES = {64--73},
  YEAR = {2008},
}

@article{Di2009,
  AUTHOR = {Multilevel functional principal component analysis},
  TITLE = {Di, C.-Z. and Crainiceanu, C.M., and Caffo, B.S., and Punjabi, N.M.},
  JOURNAL = {Annals of applied statistics},
  VOLUME = {3},
  NUMBER = {1},
  PAGES = {458--488},
  YEAR = {2009}
}

@article{Greven2010,
  AUTHOR = {Greven, S. and Crainiceanu, C. and Caffo, B. and Reich, D.},
  TITLE = {Longitudinal functional principal component analysis},
  JOURNAL = {Electronic journal of statistics},
  VOLUME = {4},
  PAGES = {1022--1054},
  YEAR = {2010},
}

@article{Staicu2010,
  AUTHOR = {Staicu, A.-M. and Crainiceanu, C.M., and Carroll, R.J.},
  TITLE = {Fast methods for spatially correlated multilevel functional data},
  JOURNAL = {Biostatistics},
  VOLUME = {11},
  NUMBER = {2},
  PAGES = {177--194},
  YEAR = {2010},
}

@article{ChenMuller2012,
  AUTHOR = {Chen, K. and M{\"u}ller, H.-G.},
  TITLE = {Modeling repeated functional observations},
  JOURNAL = {Journal of the American Statistical Association},
  VOLUME = {107},
  NUMBER = {500},
  PAGES = {1599-1609},
  YEAR = {2012},
}

@article{LiGuan2014,
  AUTHOR = {Li, Y. and Guan, Y.},
  TITLE = {Functional principal component analysis of spatio-temporal point processes with applications in disease surveillance},
  JOURNAL = {Journal of the american statistical association},
  VOLUME = {109},
  NUMBER = {507},
  PAGES = {1205--1215},
  YEAR = {2014},
}

@article{Ruppert2002,
author = {Ruppert, D.},
title = {Selecting the Number of Knots for Penalized Splines},
journal = {Journal of Computational and Graphical Statistics},
volume = {11},
number = {4},
pages = {735-757},
year  = {2002},
}


@article{Wood2006,
  AUTHOR = {Wood, S.N.},
  TITLE = {Low-rank scale-invariant tensor product smooths for generalized additive mixed models},
  JOURNAL = {Biometrics},
  VOLUME = {62},
  NUMBER = {4},
  PAGES = {1025--1036},
  YEAR = {2006},
}

@book{Ruppert2003,
  AUTHOR = {Ruppert, D. and Wand, M., and Carroll, R. },
  TITLE = {Semiparametric Regression},
  publisher = {Cambridge University Press},
  address = {Cambridge},
  YEAR = {2003},
}

@book{Wood2006book,
  AUTHOR = {Wood, S.},
  TITLE = {Generalized additive models: an introduction with R},
  publisher = {Chapman \& Hall},
  address = {London},
  YEAR = {2003},
}


@article{MarxEilers2005,
  AUTHOR = {Marx, B.D. and Eilers, P.H.},
  TITLE = {Low-rank scale-invariant tensor product smooths for generalized additive mixed models},
  JOURNAL = {Biometrics},
  VOLUME = {62},
  NUMBER = {4},
  PAGES = {1025--1036},
  YEAR = {2006},
}

@book{Hastie2009,
  AUTHOR = {Hastie, T. and Tibshirani, R. and Friedman, J,},
  TITLE = {The elements of statistical learning},
  publisher = {Springer},
  SERIES = {Springer Series in Statistics},
  YEAR = {2009},
}

@article{LiuRehg2015,
  AUTHOR = {Y. Liu and L. Song and F. Li and S. Li and J. Rehg},
  TITLE = {Efficient Continuous-Time Hidden Markov Model for Disease Modeling},
  JOURNAL = {In Proceedings for Advances in Neural Information Processing Systems (NIPS)},
  VOLUME = {},
  NUMBER = {},
  PAGES = {},
  YEAR = {2015},
}

@article{Rehg3,
  AUTHOR = {J. Hernandez, Yin Li, J. M. Rehg and R. W. Picard},
  TITLE = {Physiological Parameter Estimation Using a Head-mounted Wearable Device.},
  JOURNAL = {In Proceedings for MOBIHEALTH},
  VOLUME = {},
  NUMBER = {},
  PAGES = {},
  YEAR = {2014},
}

@article{deeplearning,
  AUTHOR = {G. Hinton and S. Osindero and Y.W. Teh},
  TITLE = {A fast leearning algorithm for deep belief nets},
  JOURNAL = {Neural Computation},
  VOLUME = {18},
  NUMBER = {},
  PAGES = {1527--1554},
  YEAR = {2006},
}

@article{statespacemodels,
  AUTHOR = {},
  TITLE = {},
  JOURNAL = {},
  VOLUME = {},
  NUMBER = {},
  PAGES = {},
  YEAR = {},
}

@book{Diggle2002,
  AUTHOR = {P.J. Diggle and P. Heagerty and K.Y. Liang and S.L. Zeger},
  TITLE = {Analysis of Longitudinal Data},
  publisher = {Clarendon press},
  SERIES = {Oxford Science Publications},
  NUMBER = {},
  PAGES = {},
  YEAR = {2002},
}

@book{Fitzmaurice2011,
  AUTHOR = {G. Fitzmaurice and N.N. Laird and J.H. Ware},
  TITLE = {Applied Longitudinal Data Analysis},
  edition = {2},
  publisher = {Wiley},
  series = {New York},
  YEAR = {2011},
}

@book{Fitzmaurice2009,
  AUTHOR = {G. Fitzmaurice and M. Davidian and G. Verbeke and G. Molenberghs},
  TITLE = {Longitudinal Data Analysis},
  publisher = {Chapman and Hall},
  YEAR = {2009},
}

@article{Mohlenberghs2005,
  AUTHOR = {G. Molenberghs and G. Verbeke},
  TITLE = {Models for Discrete Longitudinal Data},
  publisher = {Springer},
  YEAR = {2005},
}

@article{Arulampalam2002,
  AUTHOR = {M. Arulampalam and S. Maskell and N. Gordon and T. Clapp},
  TITLE = {A Particle Filters for Online Nonlinear/Non-Gaussian Bayesian Tracking},
  JOURNAL = {IEEE transactions on signal processing},
  VOLUME = {50},
  NUMBER = {},
  PAGES = {174--188},
  YEAR = {2002},
}

@article{Andrieu2010,
  AUTHOR = {C. Andrieu and A. Doucet and R. Holenstein},
  TITLE = {Particle markov chain monte carlo methods},
  JOURNAL = {J. R. Stat. Soc. Ser. B Stat. Methodol. },
  VOLUME = {72},
  NUMBER = {},
  PAGES = {269--342},
  YEAR = {2010},
}

@article{Doucet2000,
  AUTHOR = {A. Doucet and S. Godsill and C. Andrieu},
  TITLE = {On sequential Monte Carlo sampling methods for Bayesian filtering},
  JOURNAL = {Stat. Comput.},
  VOLUME = {10},
  NUMBER = {},
  PAGES = {197--208},
  YEAR = {2000},
}

@article{Doucet2009,
  AUTHOR = {A. Doucet and A.M. Johansen},
  TITLE = {A tutorial on particle filtering and smoothing: Fifteen years later},
  JOURNAL = {Handbook of Nonlinear Filtering},
  VOLUME = {12},
  NUMBER = {},
  PAGES = {656--704},
  YEAR = {2009},
}

@article{IonidesJSS,
  AUTHOR = {A. King and D. Nguyen and E. Ionides},
  TITLE = {Statistical Inference for Partially Observed Markov Processes via the R Package pomp},
  JOURNAL = {Journal of Statistical Software},
  VOLUME = {},
  NUMBER = {},
  PAGES = {},
  YEAR = {\noop{2015}forthcoming},
}

@article{IonidesPNAS,
  AUTHOR = {E. Ionides and D. Nguyen and Y. Atchade and S. Stoev and A. King},
  TITLE = {Inference for dynamic and latent variable models via iterated, perturbed Bayes maps},
  JOURNAL = {Proceedings of the National Academy of Sciences of the USA},
  VOLUME = {112},
  NUMBER = {},
  PAGES = {719--724},
  YEAR = {2015},
}

@article{IonidesAOS,
  AUTHOR = {E. Ionides and A. Bhadra and Y. Atchade and A. King},
  TITLE = {Iterated Filtering},
  JOURNAL = {Annals of Statistics},
  VOLUME = {39},
  NUMBER = {},
  PAGES = {1776--1802},
  YEAR = {2011},
}

@article{Fasiola2015,
  AUTHOR = {M. Fasiolo and N. Pya and S. Wood},
  TITLE = {A comparison of inferential methods for highly non-linear state space models
  in ecology and epidemiology.},
  JOURNAL = {Statistical Science},
  NUMBER = {},
  PAGES = {},
  YEAR = {\noop{2015}forthcoming},
}

@article{sparsepca1,
  AUTHOR = {},
  TITLE = {},
  JOURNAL = {},
  VOLUME = {},
  NUMBER = {},
  PAGES = {},
  YEAR = {},
}

@article{sparsepca2,
  AUTHOR = {},
  TITLE = {},
  JOURNAL = {},
  VOLUME = {},
  NUMBER = {},
  PAGES = {},
  YEAR = {},
}

@article{ctshmm,
  AUTHOR = {},
  TITLE = {},
  JOURNAL = {},
  VOLUME = {},
  NUMBER = {},
  PAGES = {},
  YEAR = {},
}

@book{Cook2007,
  AUTHOR = {R. Cook and J. Lawless},
  TITLE = {The statistical analysis of recurrent events},
  publisher = {Springer},
  VOLUME = {},
  NUMBER = {},
  PAGES = {},
  YEAR = {2007},
}

@book{RamsaySilverman2005,
  AUTHOR = {Ramsay, J. and Silverman, B.},
  TITLE = {Functional data analysis},
  publisher = {Springer},
  address = {New York},
  YEAR = {2005},
}

@book{McCulloch2001,
  author = {McCulloch, Charles E and Searle, Shayle R.},
  publisher = {Wiley, New York},
  title = {Generalized, Linear and Mixed Models},
  year = 2001
}



@book{Aalen,
  AUTHOR = {O. Aalen and O. Borgan and H. Gjessing},
  TITLE = {Survival and event history analysis: a process point of view},
  publisher = {Springer-Verlag},
  series = {New York},
  NUMBER = {},
  PAGES = {},
  YEAR = {2008},
}

@article{Choi2015,
  AUTHOR = {E. Choi and N. Du and L. Song and J. Sun},
  TITLE = {Constructing Disease Network and Temporal Progression Model via Context-Sensitive Hawkes Process},
  JOURNAL = {International Conference on Data Mining (ICDM)},
  VOLUME = {},
  NUMBER = {},
  PAGES = {},
  YEAR = {},
}

@inproceedings{conditionalintensity,
 author = {Du, Nan and Farajtabar, Mehrdad and Ahmed, Amr and Smola, Alexander J. and Song, Le},
 title = {Dirichlet-Hawkes Processes with Applications to Clustering Continuous-Time Document Streams},
 booktitle = {Proceedings of the 21th ACM SIGKDD International Conference on Knowledge Discovery and Data Mining},
 series = {KDD '15},
 year = {2015},
 isbn = {978-1-4503-3664-2},
 location = {Sydney, NSW, Australia},
 pages = {219--228},
 numpages = {10},
 url = {http://doi.acm.org/10.1145/2783258.2783411},
 doi = {10.1145/2783258.2783411},
 acmid = {2783411},
 publisher = {ACM},
 address = {New York, NY, USA},
 keywords = {dirichlet process, document modeling, hawkes process},
}

@incollection{sga1,
year={2012},
isbn={978-3-642-35288-1},
booktitle={Neural Networks: Tricks of the Trade},
volume={7700},
series={Lecture Notes in Computer Science},
doi={10.1007/978-3-642-35289-8_25},
title={Stochastic Gradient Descent Tricks},
url={http://dx.doi.org/10.1007/978-3-642-35289-8_25},
publisher={Springer Berlin Heidelberg},
author={Bottou, L{\'e}on},
pages={421-436},
language={English}
}

@incollection{sga2,
 author = {Bottou, L{\'e}on},
 chapter = {On-line Learning and Stochastic Approximations},
 title = {On-line Learning in Neural Networks},
 editor = {Saad, David},
 year = {1998},
 isbn = {0-521-65263-4},
 pages = {9--42},
 numpages = {34},
 url = {http://dl.acm.org/citation.cfm?id=304710.304720},
 acmid = {304720},
 publisher = {Cambridge University Press},
 address = {New York, NY, USA},
}


@inproceedings{sga3,
  title={Solving large scale linear prediction problems using stochastic gradient descent algorithms},
  author={Zhang, Tong},
  booktitle={Proceedings of the twenty-first international conference on Machine learning},
  pages={116},
  year={2004},
  organization={ACM}
}

@incollection{sga4,
title = {Hogwild: A Lock-Free Approach to Parallelizing Stochastic Gradient Descent},
author = {Recht, Benjamin and Re, Christopher and Wright, Stephen and Feng Niu},
booktitle = {Advances in Neural Information Processing Systems 24},
editor = {J. Shawe-Taylor and R.S. Zemel and P.L. Bartlett and F. Pereira and K.Q. Weinberger},
pages = {693--701},
year = {2011},
publisher = {Curran Associates, Inc.},
url = {http://papers.nips.cc/paper/4390-hogwild-a-lock-free-approach-to-parallelizing-stochastic-gradient-descent.pdf}
}


@article{Blanche2015,
  AUTHOR = {P. Blanche and C. Proust-Lima and L. Loub\`{e}re, C. Berr and J.F. Dartiguesand and H. Jacqmin-Gadda},
  TITLE = {Quantifying and comparing dynamic predictive accuracy of joint models for longitudinal marker and time-to-event in presence of censoring and competing risks},
  JOURNAL = {Biometrics},
  VOLUME = {71},
  NUMBER = {1},
  PAGES = {102--113},
  YEAR = {2015},
}

@article{Rizopoulos2011,
  AUTHOR = {D. Rizopoulos},
  TITLE = {Dynamic predictions and prospective accuracy in joint models for longitudinal and time-to-event data},
  JOURNAL = {Biometrics},
  VOLUME = {67},
  NUMBER = {},
  PAGES = {},
  YEAR = {819--829},
}

@article{Murphy1,
  AUTHOR = {S.A. Murphy },
  TITLE = {Optimal dynamic treatment regimes (with discussion)},
  JOURNAL = {J. Roy. Statist. Soc. B.},
  VOLUME = {25},
  NUMBER = {},
  PAGES = {331--366},
  YEAR = {2003},
}

@article{Murphy2,
  AUTHOR = {L.M. Collins, S.A. Murphy, V. Strecher},
  TITLE = {The Multiphase Optimization Strategy (MOST) and the Sequential Multiple Assignment Randomized Trial (SMART): New Methods for More Potent e-Health Interventions},
  JOURNAL = {American Journal of Preventive Medicine},
  VOLUME = {32},
  NUMBER = {5},
  PAGES = {112--118},
  YEAR = {2007},
}

@article{Murphy3,
  AUTHOR = {Laber,E. and Lizotte, D. and Qian, M. and Pelham, W.E. and S.A. Murphy},
  YEAR= {2014},
  TITLE = {Dynamic treatment regimes: technical challenges and applications.},
  JOURNAL = {Electronic Journal of Statistics, with discussion.},
  VOLUME = {8},
  NUMBER = {0},
  PAGES = {1225--1272},
}

@article{LanzaCollins2006,
author = {Lanza, S. T. and Collins, L. M.},
year = {2006},
title = {A mixture model of discontinuous development in heavy drinking from ages 18 to 30: The role of college enrollment.},
journal = {Journal of Studies on Alcohol},
volume = {67},
pages = {552--561},
}

@article{BethanyLanza,
author = {Lanza, S. T., and Bray, B. C.},
year = {2010},
title = {Transitions in drug use among high-risk women: An application of latent class and latent transition analysis.},
journal = {Advances and Applications in Statistical Sciences},
volume = {3},
number = {2},
pages = {203--236},
}

@article{Lanza1,
  AUTHOR = {Lanza, S. and Rhoades, B.},
  YEAR= {2013},
  TITLE = {Latent class analysis: an alternative perspective on subgroup analysis in prevention and treatment},
  JOURNAL = {Preventative Science},
  VOLUME = {14},
  NUMBER = {2},
  PAGES = {157--168},
}

@article{Lanza2,
  AUTHOR = {Shiyko, M. and Lanza, S. and Tan, X.and Li, R. and Shiffman, S.},
  YEAR= 2012,
  TITLE = {Using the time-varying effect model (TVEM) to examine dynamic associations between negative
          affect and self confidence on smoking urges: differences between successful quitters and relapsers},
  JOURNAL = {Preventative Science},
  VOLUME = 13,
  PAGES = {288--299},
}

@article{Lanza3,
  AUTHOR = {Lanza, S. and Rhoades, B. and Greenberg, M. and Cox, M.},
  YEAR= {2011},
  TITLE = {Modeling Multiple Risks During Infancy to Predict Quality of the
          Caregiving Environment: Contributions of a Person-Centered Approach},
  JOURNAL = {Infant Behav Dev.},
  VOLUME = {34},
  NUMBER = {3},
  PAGES = {390--406},
}

@article{TaylorandProustLima,
  AUTHOR = {C. Proust-Lima and M. Sne and J.M. Taylor and H. Jacqmin-Gadda},
  TITLE = {Joint latent class models for longitudinal and
time-to-event data: A review},
  JOURNAL = {Statistical Methods in Medical Research},
  VOLUME = {23},
  NUMBER = {},
  PAGES = {74--90},
  YEAR = {2014},
}

@article{ProustlimaTaylor2009,
  AUTHOR = {C. Proust-Lima and J.M. Taylor},
  TITLE = {Development and validation of a dynamic prognostic tool for prostate cancer recurrence using repeated measures of posttreatment PSA: a joint modeling approach},
  JOURNAL = {Biostatistics},
  VOLUME = {10},
  NUMBER = {3},
  PAGES = {535--549},
  YEAR = {2009},
}

@article{ROC1,
  AUTHOR = {},
  TITLE = {},
  JOURNAL = {},
  VOLUME = {},
  NUMBER = {},
  PAGES = {},
  YEAR = {},
}

@article{ROC2,
  AUTHOR = {},
  TITLE = {},
  JOURNAL = {},
  VOLUME = {},
  NUMBER = {},
  PAGES = {},
  YEAR = {},
}

@article{Heagerty2005,
  AUTHOR = {P. Heagerty and Y. Zheng},
  TITLE = {Survival model predictive accuracy and ROC curves},
  JOURNAL = {Biometrics},
  VOLUME = {61},
  NUMBER = {},
  PAGES = {92--105},
  YEAR = {2005},
}

@article{Wangetal2011,
  AUTHOR = {Y. Wang and H. Chen and R. Li and N. Duan and R. Lewis-Fernandez},
  TITLE = {Prediction-based Structured Variable Selection
through the receiver operating characteristic curve},
  JOURNAL = {Biometrics},
  VOLUME = {67},
  NUMBER = {},
  PAGES = {896--905},
  YEAR = {2011},
}

@article{RizopolousMA,
  AUTHOR = {D. Rizopoulos and L. Hatfield and B. Carlin and J. Takkenberg},
  TITLE = {Combining Dynamic Predictions from Joint Models for Longitudinal and Time-to-Event Data using Bayesian Model Averaging},
  JOURNAL = {Journal of the American Statistical Association},
  VOLUME = {109},
  NUMBER = {},
  PAGES = {1385--1397},
  YEAR = {2014},
}

@article{tibshirani,
  AUTHOR = {},
  TITLE = {},
  JOURNAL = {},
  VOLUME = {},
  NUMBER = {},
  PAGES = {},
  YEAR = {},
}

@article{Ionides,
  AUTHOR = {},
  TITLE = {},
  JOURNAL = {},
  VOLUME = {},
  NUMBER = {},
  PAGES = {},
  YEAR = {},
}

@article{Breto2009,
  AUTHOR = {C. Breto and H. Daihei and E. Ionides and A. King},
  TITLE = {Time series analysis via mechanistic models},
  JOURNAL = {Annals of Applied Statistics},
  VOLUME = {3},
  NUMBER = {},
  PAGES = {319--348},
  YEAR = {2009},
}

@article{Breto2006,
  AUTHOR = {C. Breto and E. Ionides and A. King},
  TITLE = {Inference for nonlinear dynamical systems},
  JOURNAL = {Proceedings of the National
Academy of Sciences},
  VOLUME = {103},
  NUMBER = {},
  PAGES = {18438--18443},
}

@article{King,
  AUTHOR = {},
  TITLE = {},
  JOURNAL = {},
  VOLUME = {},
  NUMBER = {},
  PAGES = {},
  YEAR = {},
}

@article{Carvalho1,
  AUTHOR = {C. Carvalho and H. Lopes and N. Polson and M. Taddy},
  TITLE = {Particle learning for general mixtures},
  JOURNAL = {Bayesian Analysis},
  VOLUME = {5},
  NUMBER = {},
  PAGES = {709--740},
  YEAR = {2010},
}

@article{Carvalho2,
  AUTHOR = {C. Carvalho and M. Johannes and H. Lopes and N. Polson},
  TITLE = {Particle learning and smoothing},
  JOURNAL = {Bayesian Analysis},
  VOLUME = {5},
  NUMBER = {},
  PAGES = {709--740},
  YEAR = {2010},
}


@article{Schoop2011,
  AUTHOR = {R. Schoop and M. Schumacher and E. Graf},
  TITLE = {Measures of prediction error for survival data with longitudinal covariates},
  JOURNAL = {Biometrical Journal},
  VOLUME = {53},
  NUMBER = {2},
  PAGES = {275--293},
  YEAR = {2011},
}

@article{Henderson2002,
  AUTHOR = {R. Henderson and P. Diggle and A. Dobson},
  TITLE = {Identification and efficacy of longitudinal markers for survival},
  JOURNAL = {Biostatistics},
  VOLUME = {3},
  NUMBER = {1},
  PAGES = {33--50},
  YEAR = {2002},
}


@article{Yuan2013,
  AUTHOR = {L. Yuan and J. Liu and J. Ye},
  TITLE = {Efficient Methods for Overlapping Group Lasso},
  JOURNAL = {IEEE Transactions on Software Engineering},
  VOLUME = {35},
  NUMBER = {9},
  PAGES = {2104--2116},
  YEAR = {2013},
}


@article{Obozinski2011,
  AUTHOR = {G. Obozinski and S. Inria},
  TITLE = {Group Lasso with Overlaps: the Latent Group Lasso approach},
  YEAR = {2011},
}

@inproceedings{Jacob2009,
 author = {L. Jacob and G. Obozinski and J.P. Vert},
 title = {Group Lasso with Overlap and Graph Lasso},
 booktitle = {Proceedings of the 26th Annual International Conference on Machine Learning},
 series = {ICML '09},
 year = 2009,
 isbn = {978-1-60558-516-1},
 location = {Montreal, Quebec, Canada},
 pages = {433--440},
 numpages = 8,
 url = {http://doi.acm.org/10.1145/1553374.1553431},
 doi = {10.1145/1553374.1553431},
 acmid = 1553431,
 publisher = {ACM},
 address = {New York, NY, USA},
}

@article{Cadima1995,
author = {J. Cadima and I.T. Jolliffe},
title = {Loadings and correlations in the interpretation of principal components},
journal = {Journal of Applied Statistics},
number = {22},
pages = {203--214},
year = {1995},
}


@article{Zou2006,
author = {H. Zou and T. Hastie and R. Tibshirani},
title = {Sparse Principal Component Analysis},
journal = {Journal of Computational \& Graphical Statistics},
number = {15},
pages = {265--286},
year = {2006},
}

@book{hastieetal,
  address = {New York, NY, USA},
  author = {Hastie, Trevor and Tibshirani, Robert and Friedman, Jerome},
  publisher = {Springer New York Inc.},
  series = {Springer Series in Statistics},
  title = {The Elements of Statistical Learning},
  year = 2001
}

@book{Kingman92,
  address = {Great Clarendon Street, Oxford OX2 6DP},
  author = {Kingman, J.F.C.},
  publisher = {Clarendon Press},
  series = {Oxford Science Publications},
  title = {Poisson Processes},
  year = 1992
}


@inbook {Stock2010,
	title = {Dynamic Factor Models},
	booktitle = {Oxford Handbook of Economic Forecasting},
	year = {2010},
	publisher = {Oxford University Press},
	organization = {Oxford University Press},
	address = {Oxford},
	url = {http://www.economics.harvard.edu/faculty/stock/files/dfm_oup_4.pdf},
	author = {James Stock and Mark Watson},
	editor = {Michael P. Clements and David F. Henry}
}

@article{Lanza2015,
  AUTHOR = {S.T. Lanza and B.R. Cooper},
  TITLE = {Latent class analysis: Contributions to developmental research and new directions},
  JOURNAL = {Child Development Perspectives},
  VOLUME = {},
  NUMBER = {},
  PAGES = {},
  YEAR = {\noop{2015}in press},
}

@book{hagenaars2002applied,
  title={Applied latent class analysis},
  author={Hagenaars, Jacques A and McCutcheon, Allan L},
  year={2002},
  publisher={Cambridge University Press}
}

@book{mccutcheon1987latent,
  title={Latent class analysis},
  author={McCutcheon, Allan L},
  number={64},
  year={1987},
  publisher={Sage}
}

@book{LanzaCollins,
	YEAR = {2009},
	PUBLISHER = {Wiley},
	AUTHOR = {Collins, L.M. and Lanza, S.T.},
	TITLE = {Latent Class and Latent Transition Analysis: With Applications in the Social, Behavioral, and Health Sciences},
	SERIES  = {Wiley Series in Probability and Statistics}
}

@INBOOK{FoxJordan:14,
AUTHOR = {Fox, E.B. and Jordan, M.I.},
Chapter = {Mixed Membership Models for Time Series},
Editor = {Airoldi, E. and Blei, D. and Erosheva, E. and Fienberg, S.E., and Bokalders, K.},
Publisher = {Chapman \& Hall},
Title = {Handbook on Mixed Membership Models},
Year = {2014},
}

@article{Fox:IEEETSP2011,
title={Bayesian Nonparametric Inference of Switching Dynamic Linear Models},
author={Fox, E.B. and Sudderth, E.B. and Jordan, M.I. and Willsky, A.S.},
journal={IEEE Transactions on Signal Processing},
volume=59,
number=4,
year=2011,
}

@article{Fox:IEEESPM2010,
title={Bayesian Nonparametric Methods for Learning {M}arkov Switching Processes},
author={Fox, E.B. and Sudderth, E.B. and Jordan, M.I. and Willsky, A.S.},
journal={IEEE Signal Processing Magazine},
volume={27},
number={6},
pages={43--54},
year={2010},
}

@article{Loo2015,
author = {B. Loo and K.M. Griffiths and A. Gulliver},
title = {Effectiveness of mobile technologies delivering Ecological Momentary Interventions for stress and anxiety: a systematic review},
journal = {J Am Med Inform Assoc.},
journal = {Journal of the American Medical Informatics Association},
volume = 23,
number = 1,
pages = {221--229},
year = 2016,
}


@article{Duncan2014,
author = {M. Duncan and C. Vandelanotte and G.S. Kolt and R.R. Rosenkranz and C.M. Caperchione
  and E.S. George and H. Ding and C. Hooker and M. Karunanithi and A.J. Maeder and M. Noakes
  and R. Tague and P. Taylor and P. Viljoen and W.K. Mummery},
title = {Effectiveness of a web- and mobile phone-based intervention to promote physical activity and healthy eating in middle-aged males: randomized controlled trial of the ManUp study},
journal = {J Med Internet Res},
VOLUME = {16},
NUMBER = {6},
PAGES = {e136},
year = {2014},
}

@article{Pfaeffli2015,
author= {L. Pfaeffli and R. Dobson and R. Whittaker and R. Maddison},
title = {The effectiveness of mobile-health behaviour change interventions for cardiovascular disease self-management: A systematic review},
journal = {European Journal of Preventive Cardiology},
volume = {23},
number = {8},
pages = {801-817},
year = {2016},
}


## Auto car related work

@inproceedings{43849,
title = {Pedestrian Detection with a Large-Field-Of-View Deep Network},
author  = {Anelia Angelova and Alex Krizhevsky and Vincent Vanhoucke},
year  = 2015,
booktitle = {Proceedings of ICRA 2015}
}

@article{Gharamani2015,
title = {Probabilistic machine learning and artificial intelligence},
author = {Z. Gharamani},
year = {2015},
journal = {Nature},
doi = {10.1038/nature14541},
}

@incollection{kundu2014joint,
  title={Joint semantic segmentation and 3d reconstruction from monocular video},
  author={Kundu, Abhijit and Li, Yin and Dellaert, Frank and Li, Fuxin and Rehg, James M},
  booktitle={Computer Vision--ECCV 2014},
  pages={703--718},
  year={2014},
  publisher={Springer International Publishing}
}

@inproceedings{Lmn2006,
  author = "Lamon, Pierre and Stachniss, Cyrill and Triebel, Rudolph and Pfaff, Patrick and Plagemann, Christian and Grisetti, Giorgio and Kolski, Sascha and Burgard, Wolfram and Siegwart, Roland",
  title = "{M}apping with an {A}utonomous {C}ar",
  booktitle = "Proceedings of The Workshop on Safe Navigation in Open and Dynamic Environments (IROS)",
  year = 2006,
}

@inproceedings{kolter2010probabilistic,
  title={A probabilistic approach to mixed open-loop and closed-loop control, with application to extreme autonomous driving},
  author={Kolter, J Zico and Plagemann, Christian and Jackson, David T and Ng, Andrew Y and Thrun, Sebastian},
  booktitle={Robotics and Automation (ICRA), 2010 IEEE International Conference on},
  pages={839--845},
  year={2010},
  organization={IEEE}
}

### HMM and Moble in Santosh space

@inproceedings{Witayangkurn2013,
 author = {Witayangkurn, Apichon and Horanont, Teerayut and Sekimoto, Yoshihide and Shibasaki, Ryosuke},
 title = {Anomalous Event Detection on Large-scale GPS Data from Mobile Phones Using Hidden Markov Model and Cloud Platform},
 booktitle = {Proceedings of the 2013 ACM Conference on Pervasive and Ubiquitous Computing Adjunct Publication},
 series = {UbiComp '13 Adjunct},
 year = {2013},
 isbn = {978-1-4503-2215-7},
 location = {Zurich, Switzerland},
 pages = {1219--1228},
 numpages = {10},
 url = {http://doi.acm.org/10.1145/2494091.2497352},
 doi = {10.1145/2494091.2497352},
 acmid = {2497352},
 publisher = {ACM},
 address = {New York, NY, USA},
}

@article{Kravitz2014,
  AUTHOR = {Kravitz, R.L. and Duan, N. and eds and the DEcIDE Methods Center N-of-1 Guidance Panel},
  TITLE = {Design and Implementation of N-of-1 Trials: A User’s Guide.},
  JOURNAL = {AHRQ Publication},
  VOLUME = 13,
  NUMBER = 14,
  address = {Rockville, MD: Agency for Healthcare Research and Quality},
  MONTH = {January},
  YEAR = 2014,
  url = {http://www.effectivehealthcare.ahrq.gov/N-1-Trials.cfm},
}

@article{PMID:23867031,
  Title = {Mobile health technology evaluation: the mHealth evidence workshop},
	Author = {Kumar, Santosh and Nilsen, Wendy J and Abernethy, Amy and Atienza, Audie and Patrick, Kevin and Pavel, Misha and Riley, William T and Shar, Albert and Spring, Bonnie and Spruijt-Metz, Donna and Hedeker, Donald and Honavar, Vasant and Kravitz, Richard and Lefebvre, R Craig and Mohr, David C and Murphy, Susan A and Quinn, Charlene and Shusterman, Vladimir and Swendeman, Dallas},
	DOI = {10.1016/j.amepre.2013.03.017},
	Number = {2},
	Volume = {45},
	Month = {August},
	Year = {2013},
	Journal = {American journal of preventive medicine},
	ISSN = {0749-3797},
	Pages = {228—236},
	URL = {http://europepmc.org/articles/PMC3803146},
}

@article{Pepe1994,
author = {Pepe, M. S. and G. L. Anderson},
year = {1994},
title = {A cautionary note on inference for marginal regression
models with longitudinal data and general correlated response data},
journal = {Communications in Statistics - Simulation and Computation},
volume = {23},
number = {4},
pages = {939--951}
}

@article{Vansteelandt2007,
author = {Vansteelandt, S.},
year = {2007},
title = {On confounding, prediction and efficiency in the analysis of longitudinal and cross-sectional clustered data}
journal = {Scandinavian Journal of Statistics},
volume = {34},
number = {3},
pages = {478--498}
}

@article{Tchetgen2012,
author = {Tchetgen Tchetgen, E. J. and Glymour, M.M. and Weuve, J. and Robins J.},
year = {2012},
title = {Specifying the correlation structure in inverse-probability-weighting estimation for repeated measures},
journal = {Epidemiology}
volume = {23}
number = {4},
pages = {644--646}
}


@article{Spruijt2014,
AUTHOR = {Spruijt-Metz, D. and Nilsen, W.},
TITLE = {Dynamic models of behavior for just-in-time adaptive interventions.},
JOURNAL = {Pervasive Computing, IEEE},
YEAR = {2014},
NUMBER = {46},
PAGES = {28--35},
}

@inproceedings{Mathew2012,
 author = {Mathew, Wesley and Raposo, Ruben and Martins, Bruno},
 title = {Predicting Future Locations with Hidden Markov Models},
 booktitle = {Proceedings of the 2012 ACM Conference on Ubiquitous Computing},
 series = {UbiComp '12},
 year = {2012},
 isbn = {978-1-4503-1224-0},
 location = {Pittsburgh, Pennsylvania},
 pages = {911--918},
 numpages = {8},
 url = {http://doi.acm.org/10.1145/2370216.2370421},
 doi = {10.1145/2370216.2370421},
 acmid = {2370421},
 publisher = {ACM},
 address = {New York, NY, USA},
}

@inproceedings{Modayil2008,
 author = {Modayil, Joseph and Bai, Tongxin and Kautz, Henry},
 title = {Improving the Recognition of Interleaved Activities},
 booktitle = {Proceedings of the 10th International Conference on Ubiquitous Computing},
 series = {UbiComp '08},
 year = {2008},
 isbn = {978-1-60558-136-1},
 location = {Seoul, Korea},
 pages = {40--43},
 numpages = {4},
 url = {http://doi.acm.org/10.1145/1409635.1409641},
 doi = {10.1145/1409635.1409641},
 acmid = {1409641},
 publisher = {ACM},
 address = {New York, NY, USA},
}

@inproceedings{vanKasteren2008,
 author = {van Kasteren, Tim and Noulas, Athanasios and Englebienne, Gwenn and Kr\"{o}se, Ben},
 title = {Accurate Activity Recognition in a Home Setting},
 booktitle = {Proceedings of the 10th International Conference on Ubiquitous Computing},
 series = {UbiComp '08},
 year = {2008},
 isbn = {978-1-60558-136-1},
 location = {Seoul, Korea},
 pages = {1--9},
 numpages = {9},
 url = {http://doi.acm.org/10.1145/1409635.1409637},
 doi = {10.1145/1409635.1409637},
 acmid = {1409637},
 publisher = {ACM},
 address = {New York, NY, USA},
}

@INPROCEEDINGS{Samejima2004,
    author = {Kazuyuki Samejima and Kenji Doya and Yasumasa Ueda and Minoru Kimura},
    title = {Estimating internal variables and parameters of a learning agent by a particle filter},
    booktitle = {Advances in Neural Information Processing Systems},
    year = {2004},
    pages = {04},
    publisher = {MIT Press}
}

@article{hoeting1999bayesian,
  title={Bayesian model averaging: a tutorial},
  author={Hoeting, Jennifer A and Madigan, David and Raftery, Adrian E and Volinsky, Chris T},
  journal={Statistical science},
  pages={382--401},
  year={1999},
  publisher={Institute of Mathematical Statistics}
}

@article{Crane1,
  AUTHOR = {Crane, Harry and Dempsey, Walter},
	TITLE = {A framework for statistical network modeling},
	YEAR = {2015},
	JOURNAL = {Under review},
}

@article{Crane2,
  AUTHOR = {Crane, Harry and Dempsey, Walter},
	TITLE = {Atypical scaling behavior persists in real world interaction networks},
	YEAR = {2015},
	archivePrefix = "arXiv",
  eprint = {1509.08184},
}

@article{Crane3,
	AUTHOR = {Crane, Harry and Dempsey, Walter},
	TITLE = {Community detection for interaction networks},
	YEAR = {2015},
	JOURNAL = {Under review},
}

@article{Crane4,
  AUTHOR = {Crane, Harry and Dempsey, Walter},
	TITLE = {Edge exchangeable models for sparse, scale-free network datasets},
	YEAR = {2015},
	JOURNAL = {In Preparation},
}

@article{Petrovich2018,
  AUTHOR = {Petrovich, J. and Reimherr, M. and Daymont, C.},
  TITLE = {Functional Regression Models with Highly Irregular Designs},
  YEAR = {2018},
  archivePrefix = "arXiv",
  eprint = {1805.08518},
}

